<record xmlns:xsi="http://www.w3.org/2001/XMLSchema-instance" xmlns="http://www.loc.gov/MARC21/slim" xsi:schemaLocation="http://www.loc.gov/MARC21/slim http://www.loc.gov/standards/marcxml/schema/MARC21slim.xsd">

  <leader>00971nab a2200169   4500</leader>
  <controlfield tag="005">20160331141858.0</controlfield>
  <controlfield tag="008">160119b2009    cr f|||| |||| 00| 0 spa d</controlfield>
  <datafield ind2=" " ind1=" " tag="090">
    <subfield code="a">REVIS 06.02.01</subfield>
  </datafield>
  <datafield ind1="1" ind2=" " tag="100">
    <subfield code="9">1291</subfield>
    <subfield code="a">Chinchilla Rodríguez, Emilio</subfield>
  </datafield>
  <datafield tag="245" ind2="0" ind1="1">
    <subfield code="a">Jugando con personajes  literarios /</subfield>
    <subfield code="c">Emilio Chinchilla Rodríguez</subfield>
  </datafield>
  <datafield tag="260" ind1=" " ind2=" ">
    <subfield code="a">San José, Costa Rica : </subfield>
    <subfield code="b">Editorial Universidad de Costa Rica,</subfield>
    <subfield code="c">2009</subfield>
  </datafield>
  <datafield ind2=" " ind1=" " tag="300">
    <subfield code="a">páginas 33-39</subfield>
  </datafield>
  <datafield ind2=" " ind1=" " tag="520">
    <subfield code="a">El artículo hace una propuesta innovadora para la aplicación de la técnica de "Juego de Roles" en la enseñanza de la literatura, que permite un acercamiento de los estudiantes a los textos de lectura obligatoria y otros, convirtiéndoles en lectores profundos y críticos, y en auténticos promotores de lectura</subfield>
  </datafield>
  <datafield tag="650" ind2="4" ind1="1">
    <subfield code="9">1</subfield>
    <subfield code="a">EDUCACIÓN</subfield>
  </datafield>
  <datafield ind2=" " ind1="0" tag="773">
    <subfield code="d">San José, Costa Rica : Editorial de la Universidad de Costa Rica, 1997-</subfield>
    <subfield code="o">R0311</subfield>
    <subfield code="t">EDUCACIÓN: Revista de la Universidad de Costa Rica</subfield>
    <subfield code="g">Vol.33, no.1 (2009)</subfield>
  </datafield>
  <datafield tag="942" ind2=" " ind1=" ">
    <subfield code="2">z</subfield>
    <subfield code="c">10</subfield>
  </datafield>
  <datafield tag="999" ind1=" " ind2=" ">
    <subfield code="c">3024</subfield>
    <subfield code="d">3024</subfield>
  </datafield>
</record>